<?xml version="1.0" encoding="UTF-8"?><collection xmlns="http://www.loc.gov/MARC21/slim"><record><leader>00358nam--2200157-i-4500</leader><controlfield tag="001">000036653</controlfield><controlfield tag="002">20161230</controlfield><controlfield tag="005">20170129222814</controlfield><controlfield tag="008">060222s1000------------r-----000-0-eng-d</controlfield><datafield ind1=" " ind2=" " tag="080"><subfield code="a">533.9:541.1</subfield></datafield><datafield ind1=" " ind2=" " tag="245"><subfield code="a">Plasma chemistry</subfield></datafield><datafield ind1=" " ind2=" " tag="260"><subfield code="a">Vienna</subfield><subfield code="b">Iaea</subfield><subfield code="c">1981</subfield></datafield><datafield ind1=" " ind2=" " tag="300"><subfield code="a">105 p</subfield></datafield><datafield ind1=" " ind2=" " tag="700"><subfield code="a">Venugopalan, M</subfield></datafield><datafield ind1=" " ind2=" " tag="852"><subfield code="a">70741</subfield></datafield><datafield ind1=" " ind2=" " tag="CAT"><subfield code="a">SYS</subfield><subfield code="c">20170129</subfield><subfield code="h">222814</subfield></datafield></record></collection>